<record><leader>01209cam a2200349 a 4500</leader><controlfield tag="001">1376444</controlfield><controlfield tag="008">910524s1985    fr fa    b        0 fre d</controlfield><datafield ind1=" " ind2=" " tag="010"><subfield code="a">   86221699</subfield></datafield><datafield ind1=" " ind2=" " tag="020"><subfield code="a">221014440X</subfield></datafield><datafield ind1=" " ind2=" " tag="035"><subfield code="a">ocm19263571</subfield></datafield><datafield ind1=" " ind2=" " tag="040"><subfield code="a">DLC</subfield><subfield code="b">eng</subfield><subfield code="c">DLC</subfield></datafield><datafield ind1=" " ind2=" " tag="049"><subfield code="a">AEU</subfield><subfield code="b">eng</subfield></datafield><datafield ind1="0" ind2="0" tag="050"><subfield code="a">PN1995</subfield><subfield code="b">.B313 1985</subfield></datafield><datafield ind1="0" ind2=" " tag="082"><subfield code="a">791.43/01/41</subfield><subfield code="2">19</subfield></datafield><datafield ind1="0" ind2=" " tag="090"><subfield code="a">PN 1995 B333 1985</subfield></datafield><datafield ind1="1" ind2=" " tag="100"><subfield code="a">Baticle, Yveline.</subfield></datafield><datafield ind1="1" ind2="0" tag="245"><subfield code="a">Cl&#233;s et codes de l'image :</subfield><subfield code="b">l'image num&#233;ris&#233;e, la vid&#233;o, le cin&#233;ma /</subfield><subfield code="c">Yveline Baticle.</subfield></datafield><datafield ind1=" " ind2=" " tag="260"><subfield code="a">Paris :</subfield><subfield code="b">Magnard,</subfield><subfield code="c">c1985.</subfield></datafield><datafield ind1=" " ind2=" " tag="300"><subfield code="a">421 p., [44] p. of plates :</subfield><subfield code="b">ill. (some col.) ;</subfield><subfield code="c">21 cm.</subfield></datafield><datafield ind1=" " ind2=" " tag="336"><subfield code="a">text</subfield><subfield code="b">txt</subfield><subfield code="2">rdacontent</subfield></datafield><datafield ind1=" " ind2=" " tag="337"><subfield code="a">unmediated</subfield><subfield code="b">n</subfield><subfield code="2">rdamedia</subfield></datafield><datafield ind1=" " ind2=" " tag="338"><subfield code="a">volume</subfield><subfield code="b">nc</subfield><subfield code="2">rdacarrier</subfield></datafield><datafield ind1="1" ind2=" " tag="490"><subfield code="a">Magnard universit&#233;.</subfield></datafield><datafield ind1="1" ind2=" " tag="490"><subfield code="a">Collection Information, communication.</subfield></datafield><datafield ind1=" " ind2=" " tag="504"><subfield code="a">Includes bibliographical references.</subfield></datafield><datafield ind1=" " ind2=" " tag="596"><subfield code="a">43</subfield></datafield><datafield ind1=" " ind2="0" tag="650"><subfield code="a">Motion pictures</subfield><subfield code="x">Semiotics.</subfield></datafield><datafield ind1=" " ind2="0" tag="650"><subfield code="a">Television</subfield><subfield code="x">Semiotics.</subfield></datafield><datafield ind1=" " ind2="0" tag="650"><subfield code="a">Semiotics.</subfield></datafield><datafield ind1=" " ind2="0" tag="830"><subfield code="a">Collection Information, communication.</subfield></datafield><datafield ind1=" " ind2="0" tag="830"><subfield code="a">Magnard universit&#233;.</subfield></datafield><datafield ind1=" " ind2=" " tag="926"><subfield code="a">PN 1995 B333 1985</subfield><subfield code="w">LC</subfield><subfield code="c">1</subfield><subfield code="i">000036805042</subfield><subfield code="d">12/17/2011</subfield><subfield code="e">12/3/2011</subfield><subfield code="l">ON_SHELF</subfield><subfield code="m">UAHSS</subfield><subfield code="n">10</subfield><subfield code="p">$150.00</subfield><subfield code="r">Y</subfield><subfield code="s">Y</subfield><subfield code="t">BOOK</subfield><subfield code="u">6/17/1991</subfield></datafield></record>